% this is the bibliography file


@misc{hybrid-recomm,
  author = 	 {Michael R. Smith and Tony Martinez},
  title = 	 {A Hybrid Latent Variable Neural Network Model for Item Recommendation},
  howpublished = {\url{http://arxiv.org/pdf/1406.2235.pdf}},
  month = 	 {June},
  year = 	 {2014},
  annote = 	 {\url{http://arxiv.org/pdf/1406.2235.pdf}},
}
@misc{item-to-item-recomm,
  author = 	 {Greg Linden, Brent Smith and Jeremy York},
  title = 	 {Amazon.com Recommendations Item-to-Item Collaborative Filtering},
  howpublished = {\url{http://www.cs.umd.edu/~samir/498/Amazon-Recommendations.pdf}},
  month = 	 {February},
  year = 	 {2003},
  annote = 	 {\url{http://www.cs.umd.edu/~samir/498/Amazon-Recommendations.pdf}},
}
@misc{recommender-neural,
  author = 	 {Charalampos Vassiliou, Dimitris Stamoulis, Drakoulis Martakos and Sortiris Athanassopoulo},
  title = 	 {A Recommender System Framework combining Neural Networks and Collaborative Filtering},
  howpublished = {\url{http://www.wseas.us/e-library/conferences/2006hangzhou/papers/531-656.pdf}},
  month = 	 {April},
  year = 	 {2006},
  annote = 	 {\url{http://www.wseas.us/e-library/conferences/2006hangzhou/papers/531-656.pdf}},
}
@misc{netflix-recommender,
  author = 	 {{Robert M. Bell}, {Yehuda Koren} and Chris Volinsky},
  title = 	 {The BellKor 2008 Solution to the Netflix Prize},
  howpublished = {\url{http://www2.research.att.com/~volinsky/netflix/Bellkor2008.pdf}},
  month = 	 {June},
  year = 	 {2008},
  annote = 	 {\url{http://www2.research.att.com/~volinsky/netflix/Bellkor2008.pdf}},
}
@misc{manning-EtAl:2014:P14-5,
  author    = {Manning, Christopher D. and  Surdeanu, Mihai  and  Bauer, John  and  Finkel, Jenny  and  Bethard, Steven J. and  McClosky, David},
  title     = {The {Stanford} {CoreNLP} Natural Language Processing Toolkit},
  howpublished = {\url{http://nlp.stanford.edu/pubs/StanfordCoreNlp2014.pdf}},
  month =    {April},
  year      = {2014},
  annote    = {http://nlp.stanford.edu/pubs/StanfordCoreNlp2014.pdf}
}
@misc{evaluate-recommender-system,
  author    = {Guy, Shani and  Asela, Gunawardana},
  title     = {Evaluating Recommendation Systems},
  howpublished = {\url{http://research.microsoft.com/pubs/115396/EvaluationMetrics.TR.pdf}},
  annote    = {http://research.microsoft.com/pubs/115396/EvaluationMetrics.TR.pdf}
}
@misc{google-big-table,
  author    = {MFay, Chang and Jeffrey, Dean and Sanjay, Ghemawat and Wilson, C., Hsieh and Deborah, A., Wallach and Mike, Burrows and Tushar, Chandra and Andrew, Fikes and Robert, E., Gruber},
  title     = {Bigtable: A Distributed Storage System for Structured Data},
  howpublished = {\url{http://static.googleusercontent.com/media/research.google.com/en//archive/bigtable-osdi06.pdf}},
  year      = {2006},
  annote    = {http://static.googleusercontent.com/media/research.google.com/en//archive/bigtable-osdi06.pdf}
}